@inproceedings{kim2004hybrid,
	title={A hybrid algorithm for modeling ice formation},
	author={Kim, Theodore and Henson, Michael and Lin, Ming C},
	booktitle={Proceedings of the 2004 ACM SIGGRAPH/Eurographics symposium on Computer animation},
	pages={305--314},
	year={2004},
	organization={Eurographics Association}
}

@inproceedings{kim2006modeling,
	title={Modeling ice dynamics as a thin-film stefan problem},
	author={Kim, Theodore and Adalsteinsson, David and Lin, Ming C},
	booktitle={Proceedings of the 2006 ACM SIGGRAPH/Eurographics symposium on Computer animation},
	pages={167--176},
	year={2006},
	organization={Eurographics Association}
}

@article{madrazo2009air,
	title={Air bubbles in ice by simulating freezing phenomenon},
	author={Madrazo, Carlos and Tsuchiya, Takeshi and Sawano, Hiroaki and Koyanagi, Keiichi},
	journal={J. Soc. Art Sci},
	volume={8},
	number={1},
	pages={35--42},
	year={2009}
}

@inproceedings{iwasaki2010fast,
	title={Fast Particle-based Visual Simulation of Ice Melting},
	author={Iwasaki, Kei and Uchida, Hideyuki and Dobashi, Yoshinori and Nishita, Tomoyuki},
	booktitle={Computer Graphics Forum},
	volume={29},
	number={7},
	pages={2215--2223},
	year={2010},
	organization={Wiley Online Library}
}

@article{domaradzki2014improved,
	title={Improved Particle-based Ice Melting Simulation with SPH Air Model},
	author={Domaradzki, Jakub and Martyn, Tomasz},
	year={2014},
	publisher={V{\'a}clav Skala-UNION Agency}
}

@article{lii2014ice,
	title={Ice melting simulation with water flow handling},
	author={Lii, Shing-Yeu and Wong, Sai-Keung},
	journal={The Visual Computer},
	volume={30},
	number={5},
	pages={531--538},
	year={2014},
	publisher={Springer}
}

@inproceedings{Miao:2015:PIF:2817675.2817676,
 author = {Miao, Yunbin and Xiao, Shuangjiu},
 title = {Particle-based Ice Freezing Simulation},
 booktitle = {Proceedings of the 14th ACM SIGGRAPH International Conference on Virtual Reality Continuum and Its Applications in Industry},
 series = {VRCAI '15},
 year = {2015},
 isbn = {978-1-4503-3940-7},
 location = {Kobe, Japan},
 pages = {17--22},
 numpages = {6},
 url = {http://doi.acm.org/10.1145/2817675.2817676},
 doi = {10.1145/2817675.2817676},
 acmid = {2817676},
 publisher = {ACM},
 address = {New York, NY, USA},
 keywords = {ice, natural phenomena, solidification, visual simulation},
}